@misc{microsoft-fog-formulas,
    author = {Microsoft},
    title  = {Fog Formulas},
    url    = {https://msdn.microsoft.com/en-us/library/windows/desktop/bb324452(v=vs.85).aspx},
}

@misc{iq-soft-shadwos,
    author = {Inigo Quilez},
    title  = {Free penumbra shadows for raymarching distance fields},
    url    = {http://www.iquilezles.org/www/articles/rmshadows/rmshadows.htm},
}

@misc{tomczak-gpu,
    author = {Lukasz Jaroslaw Tomczak},
    title  = {GPU Ray Marching of Distance Fields},
    year   = {2012},
    url    = {http://www2.compute.dtu.dk/pubdb/views/edoc_download.php/6392/pdf/imm6392.pdf}
}

@misc{iq-dist-funcs,
    author = {Inigo Quilez},
    title  = {Modeling with distance functions},
    url    = {http://www.iquilezles.org/www/articles/distfunctions/distfunctions.htm},
}

@misc{iq-terrain,
    author = {Inigo Quilez},
    title  = {Terrain Marching},
    url    = {http://www.iquilezles.org/www/articles/terrainmarching/terrainmarching.htm},
}

@misc{fractals,
    author = {Mikael Hvidtfeldt Christensen},
    title  = {Distance Estimated 3D Fractals},
    date   = {2011-6-3},
    url    = {http://blog.hvidtfeldts.net/index.php/2011/06/distance-estimated-3d-fractals-part-i/},
}

@misc{keinert-sphere-tracing,
    author = {Benjamin Keinert {and} Henry Schäfer {and} Johann Korndörfer {and} Urs Ganse {and} Marc Stamminger1},
    title  = {Enhanced Sphere Tracing},
    year   = {2014},
    url    = {http://erleuchtet.org/~cupe/permanent/enhanced_sphere_tracing.pdf},
}

@misc{hart-fractals,
    author = {John C. Hart {and} Daniel J. Sandin {and }Louis H. Kauffman},
    title  = {Ray Tracing Deterministic 3-D Fractals},
    date   = {1989-7},
    url    = {http://graphics.cs.illinois.edu/node/58},
}
